<?xml version="1.0" encoding="UTF-8"?><record xmlns="http://www.loc.gov/MARC21/slim" xmlns:cinclude="http://apache.org/cocoon/include/1.0" xmlns:zs="http://www.loc.gov/zing/srw/">
  <leader>00824cz  a2200169n  4500</leader>
  <controlfield tag="001">n 2004103036</controlfield>
  <controlfield tag="003">DLC</controlfield>
  <controlfield tag="005">20100813074921.0</controlfield>
  <controlfield tag="008">041221n| acannaabn          |n aaa      </controlfield>
  <datafield tag="010" ind1=" " ind2=" ">
    <subfield code="a">n 2004103036</subfield>
    <subfield code="z">n 2004112124</subfield>
  </datafield>
  <datafield tag="035" ind1=" " ind2=" ">
    <subfield code="a">(OCoLC)oca06523897</subfield>
  </datafield>
  <datafield tag="035" ind1=" " ind2=" ">
    <subfield code="a">(Uk)006076753</subfield>
  </datafield>
  <datafield tag="040" ind1=" " ind2=" ">
    <subfield code="a">DLC</subfield>
    <subfield code="b">eng</subfield>
    <subfield code="c">DLC</subfield>
    <subfield code="d">DLC</subfield>
    <subfield code="d">MdU</subfield>
    <subfield code="d">DLC</subfield>
    <subfield code="d">Uk</subfield>
  </datafield>
  <datafield tag="100" ind1="1" ind2=" ">
    <subfield code="a">Hoffmann, Matthew J.</subfield>
  </datafield>
  <datafield tag="670" ind1=" " ind2=" ">
    <subfield code="a">Contending perspectives on global governance, c2005:</subfield>
    <subfield code="b">eCIP t.p. (Matthew J. Hoffmann)</subfield>
  </datafield>
  <datafield tag="670" ind1=" " ind2=" ">
    <subfield code="a">Ozone depletion and climate change, 2005</subfield>
    <subfield code="b">CIP t.p. (Matthew J. Hoffmann) CIP datasheet (b. Dec. 30, 1972)</subfield>
  </datafield>
  <datafield tag="670" ind1=" " ind2=" ">
    <subfield code="a">His website, viewed July 28, 2010</subfield>
    <subfield code="b">(Matthew J. Hoffmann; associate professor of polit. sci. at Univ. of Toronto; US citizen; Ph. D., polit. sci., George Washington Univ., 2000; B.S., environmental engin., Michigan Technological Univ., 1995)</subfield>
  </datafield>
</record>